<?xml version="1.0" encoding="UTF-8"?><record xmlns="http://www.loc.gov/MARC21/slim" xmlns:cinclude="http://apache.org/cocoon/include/1.0" xmlns:zs="http://www.loc.gov/zing/srw/">
  <leader>00412nz  a2200133n  4500</leader>
  <controlfield tag="001">nr 92012338 </controlfield>
  <controlfield tag="003">DLC</controlfield>
  <controlfield tag="005">19920502100557.2</controlfield>
  <controlfield tag="008">920330n| acannaab|          |a aaa      </controlfield>
  <datafield tag="010" ind1=" " ind2=" ">
    <subfield code="a">nr 92012338 </subfield>
  </datafield>
  <datafield tag="040" ind1=" " ind2=" ">
    <subfield code="a">DLC-R</subfield>
    <subfield code="c">DLC-R</subfield>
  </datafield>
  <datafield tag="100" ind1="1" ind2="0">
    <subfield code="a">Kurokawa, Mitsuhiro.</subfield>
    <subfield code="t">Kyōryū no tani, chiisana kyōryū oyako no monogatari.</subfield>
    <subfield code="l">English</subfield>
  </datafield>
  <datafield tag="400" ind1="1" ind2="0">
    <subfield code="a">Kurokawa, Mitsuhiro.</subfield>
    <subfield code="t">Dinosaur valley</subfield>
  </datafield>
  <datafield tag="670" ind1=" " ind2=" ">
    <subfield code="a">His Dinosaur valley, 1992.</subfield>
  </datafield>
</record>